<record><leader>00000cas a22000007a 4500</leader><controlfield tag="001">17236687</controlfield><controlfield tag="008">871214d19591961msuwr ne      0    0eng d</controlfield><datafield ind1=" " ind2=" " tag="010"><subfield code="a">sn 88067099 </subfield></datafield><datafield ind1=" " ind2=" " tag="040"><subfield code="a">MUM</subfield><subfield code="b">eng</subfield><subfield code="c">MUM</subfield><subfield code="d">MSJ</subfield><subfield code="d">OCLCQ</subfield></datafield><datafield ind1=" " ind2=" " tag="042"><subfield code="a">msc</subfield></datafield><datafield ind1="0" ind2=" " tag="130"><subfield code="a">Lafayette county news (Oxford, Miss. : 1959)</subfield></datafield><datafield ind1="1" ind2="0" tag="245"><subfield code="a">Lafayette county news.</subfield></datafield><datafield ind1=" " ind2=" " tag="260"><subfield code="a">Oxford, Miss. :</subfield><subfield code="b">Nina Goolsby,</subfield><subfield code="c">1959-</subfield></datafield><datafield ind1=" " ind2=" " tag="300"><subfield code="a">v.</subfield></datafield><datafield ind1=" " ind2=" " tag="310"><subfield code="a">Weekly</subfield></datafield><datafield ind1="0" ind2=" " tag="362"><subfield code="a">Vol. 1, no. 1 (June 1, 1959)-</subfield></datafield><datafield ind1="1" ind2=" " tag="362"><subfield code="a">Ceased with Aug. 1, 1961 issue.</subfield></datafield><datafield ind1=" " ind2=" " tag="500"><subfield code="a">Published each Monday.</subfield></datafield><datafield ind1=" " ind2=" " tag="752"><subfield code="a">United States</subfield><subfield code="b">Mississippi</subfield><subfield code="c">Lafayette</subfield><subfield code="d">Oxford.</subfield></datafield></record>